<record xmlns:xsi="http://www.w3.org/2001/XMLSchema-instance" xmlns="http://www.loc.gov/MARC21/slim" xsi:schemaLocation="http://www.loc.gov/MARC21/slim http://www.loc.gov/standards/marcxml/schema/MARC21slim.xsd">

  <leader>00710nam a2200181   4500</leader>
  <datafield tag="999" ind1=" " ind2=" ">
    <subfield code="c">3399</subfield>
    <subfield code="d">3399</subfield>
  </datafield>
  <controlfield tag="008">170301b2017    cr ||||| |||| 00| | spa d</controlfield>
  <datafield tag="090" ind1=" " ind2=" ">
    <subfield code="a">06.02.01</subfield>
    <subfield code="b">2403</subfield>
  </datafield>
  <datafield ind2=" " tag="100" ind1="1">
    <subfield code="9">110</subfield>
    <subfield code="a">González Zúñiga, Marianela</subfield>
  </datafield>
  <datafield tag="245" ind1="1" ind2="0">
    <subfield code="a">Contribuciones infográficas para la investigación del Observatorio de la Educación Nacional y Regional  /</subfield>
    <subfield code="c">Marianela González Zúñiga</subfield>
  </datafield>
  <datafield ind1=" " tag="260" ind2=" ">
    <subfield code="a">[San José, Costa Rica] :</subfield>
    <subfield code="b">INIE,</subfield>
    <subfield code="c">2017</subfield>
  </datafield>
  <datafield ind2=" " tag="300" ind1=" ">
    <subfield code="a">186 páginas; </subfield>
    <subfield code="b">ilustraciones</subfield>
  </datafield>
  <datafield tag="500" ind1=" " ind2=" ">
    <subfield code="a">Informe final Proyecto de Investigaciòn Nº 724-B4-245</subfield>
  </datafield>
  <datafield ind2="4" ind1="1" tag="650">
    <subfield code="9">1</subfield>
    <subfield code="a">EDUCACIÓN</subfield>
  </datafield>
  <datafield ind1="1" tag="650" ind2="4">
    <subfield code="9">484</subfield>
    <subfield code="a">TECNOLOGÍA DE LA INFORMACIÓN </subfield>
  </datafield>
  <datafield ind1="1" tag="650" ind2="4">
    <subfield code="9">925</subfield>
    <subfield code="a">TECNOLOGÍA DE LAS COMUNICACIONES</subfield>
  </datafield>
  <datafield ind2="4" tag="650" ind1="1">
    <subfield code="9">1064</subfield>
    <subfield code="a">INFOGRAFÍA</subfield>
  </datafield>
  <datafield ind2=" " ind1=" " tag="942">
    <subfield code="2">z</subfield>
    <subfield code="c">04</subfield>
  </datafield>
</record>